<record><leader>00000cas a22000007a 4500</leader><controlfield tag="001">11470674</controlfield><controlfield tag="008">841208d18471847ohudn ne      0    0eng d</controlfield><datafield ind1=" " ind2=" " tag="010"><subfield code="a">sn 84028829 </subfield></datafield><datafield ind1=" " ind2=" " tag="040"><subfield code="a">NPY</subfield><subfield code="b">eng</subfield><subfield code="c">NPY</subfield><subfield code="d">ONP</subfield><subfield code="d">OCLCQ</subfield></datafield><datafield ind1=" " ind2=" " tag="042"><subfield code="a">msc</subfield></datafield><datafield ind1="0" ind2=" " tag="130"><subfield code="a">Zanesville courier (Zanesville, Ohio : 1847 : Daily)</subfield></datafield><datafield ind1="1" ind2="4" tag="245"><subfield code="a">The Zanesville courier.</subfield></datafield><datafield ind1="1" ind2="3" tag="246"><subfield code="a">Zanesville daily courier</subfield></datafield><datafield ind1=" " ind2=" " tag="260"><subfield code="a">Zanesville [Ohio] :</subfield><subfield code="b">D.H. Lyman,</subfield><subfield code="c">1847.</subfield></datafield><datafield ind1=" " ind2=" " tag="300"><subfield code="a">v.</subfield></datafield><datafield ind1=" " ind2=" " tag="310"><subfield code="a">Daily (except Sun.)</subfield></datafield><datafield ind1="0" ind2=" " tag="362"><subfield code="a">Vol. 1, no. 1 (Aug. 9, 1847)-v. 1, no. 72 (Oct. 30, 1847).</subfield></datafield><datafield ind1=" " ind2=" " tag="500"><subfield code="a">"Whig."</subfield></datafield><datafield ind1="1" ind2=" " tag="700"><subfield code="a">Lyman, David H.</subfield></datafield><datafield ind1=" " ind2=" " tag="752"><subfield code="a">United States</subfield><subfield code="b">Ohio</subfield><subfield code="c">Muskingum</subfield><subfield code="d">Zanesville.</subfield></datafield><datafield ind1="0" ind2=" " tag="775"><subfield code="t">Zanesville courier (Zanesville, Ohio : 1847 : Triweekly)</subfield><subfield code="w">(DLC)sn 84028828</subfield></datafield><datafield ind1="0" ind2=" " tag="775"><subfield code="t">Zanesville weekly courier</subfield><subfield code="w">(DLC)sn 88078213</subfield></datafield></record>